@misc{
    SCHL93,
    author = "Christophe Schlick",
    title = "A Customizable Reflectance Model for Everyday Rendering",
    year = "1993"
}
